<record><leader>00000cas a2200000 a 4500</leader><controlfield tag="001">9881700</controlfield><controlfield tag="008">830907d18171840maucr ne      0   a0eng c</controlfield><datafield ind1=" " ind2=" " tag="010"><subfield code="a">sn 83021192 </subfield></datafield><datafield ind1=" " ind2=" " tag="040"><subfield code="a">NPX</subfield><subfield code="b">eng</subfield><subfield code="c">NPX</subfield><subfield code="d">NPA</subfield><subfield code="d">NPY</subfield><subfield code="d">NPU</subfield><subfield code="d">DLC</subfield><subfield code="d">NJW</subfield><subfield code="d">KNP</subfield><subfield code="d">YOX</subfield><subfield code="d">MFN</subfield><subfield code="d">MGN</subfield><subfield code="d">KNP</subfield><subfield code="d">MGN</subfield><subfield code="d">HUL</subfield><subfield code="d">CNK</subfield><subfield code="d">MGN</subfield><subfield code="d">DLC</subfield><subfield code="d">FUG</subfield><subfield code="d">NVK</subfield><subfield code="d">MGN</subfield><subfield code="d">NVF</subfield><subfield code="d">DLC</subfield><subfield code="d">CRL</subfield><subfield code="d">OCL</subfield><subfield code="d">NYS</subfield><subfield code="d">OCLCG</subfield><subfield code="d">KRTAS</subfield><subfield code="d">OCLCQ</subfield><subfield code="d">OCLCF</subfield><subfield code="d">OCLCO</subfield><subfield code="d">DLC</subfield></datafield><datafield ind1="0" ind2=" " tag="022"><subfield code="a">2575-033X</subfield><subfield code="2">1</subfield></datafield><datafield ind1=" " ind2=" " tag="042"><subfield code="a">pcc</subfield><subfield code="a">nsdp</subfield></datafield><datafield ind1=" " ind2=" " tag="043"><subfield code="a">n-us-ma</subfield></datafield><datafield ind1="0" ind2="0" tag="050"><subfield code="a">Newspaper 8214</subfield></datafield><datafield ind1="1" ind2="0" tag="082"><subfield code="a">071.3</subfield><subfield code="2">23</subfield></datafield><datafield ind1="0" ind2=" " tag="130"><subfield code="a">Independent chronicle &amp; Boston patriot (Boston, Mass. : Semiweekly)</subfield></datafield><datafield ind1=" " ind2="0" tag="222"><subfield code="a">Independent chronicle &amp; Boston patriot</subfield></datafield><datafield ind1="1" ind2="0" tag="245"><subfield code="a">Independent chronicle &amp; Boston patriot.</subfield></datafield><datafield ind1="1" ind2=" " tag="246"><subfield code="a">Independent chronicle and Boston patriot</subfield></datafield><datafield ind1="1" ind2="7" tag="246"><subfield code="a">Boston patriot &amp; daily chronicle</subfield></datafield><datafield ind1=" " ind2=" " tag="260"><subfield code="a">Boston [Mass.] :</subfield><subfield code="b">Ballard &amp; Wright,</subfield><subfield code="c">1817-1840.</subfield></datafield><datafield ind1=" " ind2=" " tag="300"><subfield code="a">29 v. ;</subfield><subfield code="c">61 cm.</subfield></datafield><datafield ind1=" " ind2=" " tag="310"><subfield code="a">Semiweekly</subfield></datafield><datafield ind1=" " ind2=" " tag="336"><subfield code="a">text</subfield><subfield code="b">txt</subfield><subfield code="2">rdacontent</subfield></datafield><datafield ind1=" " ind2=" " tag="337"><subfield code="a">unmediated</subfield><subfield code="b">n</subfield><subfield code="2">rdamedia</subfield></datafield><datafield ind1=" " ind2=" " tag="338"><subfield code="a">volume</subfield><subfield code="b">nc</subfield><subfield code="2">rdacarrier</subfield></datafield><datafield ind1="0" ind2=" " tag="362"><subfield code="a">Vol. 49, no. 3769 (June 4, 1817)-v. 77, no. 6166 (May 23, 1840).</subfield></datafield><datafield ind1=" " ind2=" " tag="500"><subfield code="a">"For the Country" appears in under the masthead until Sept. 27, 1817.</subfield></datafield><datafield ind1=" " ind2=" " tag="500"><subfield code="a">Published by Ballard &amp; Co., 1829-1831; Nathan Hale, 1832-1840.</subfield></datafield><datafield ind1="4" ind2=" " tag="510"><subfield code="a">Brigham, C.S. Amer. newspapers</subfield><subfield code="c">p. 307</subfield></datafield><datafield ind1=" " ind2=" " tag="530"><subfield code="a">Also issued on microprint by Readex Microprint Corp. and on microfilm by Graphic Microfilm.</subfield></datafield><datafield ind1=" " ind2=" " tag="580"><subfield code="a">Daily eds.: Independent chronicle &amp; Boston patriot (Boston, Mass. : Daily), 1817, and: Boston patriot &amp; daily chronicle, 1817-1819, and: Boston patriot &amp; daily mercantile advertiser, 1819-1825, and: Boston patriot &amp; mercantile advertiser, 1825-1831, and: Boston daily advertiser &amp; patriot, 1832-1835, and: Boston daily advertiser (Boston, Mass. : 1836), 1836-1840.</subfield></datafield><datafield ind1=" " ind2=" " tag="580"><subfield code="a">Merged with: Boston commercial gazette (Boston, Mass. : Semiweekly), and: Columbian centinel (Boston, Mass. : 1804), and: New-England palladium (Boston, Mass. : 1840), to form: Boston semi-weekly advertiser.</subfield></datafield><datafield ind1=" " ind2="0" tag="651"><subfield code="a">Boston (Mass.)</subfield><subfield code="v">Newspapers.</subfield></datafield><datafield ind1=" " ind2="0" tag="651"><subfield code="a">Suffolk County (Mass.)</subfield><subfield code="v">Newspapers.</subfield></datafield><datafield ind1=" " ind2="7" tag="651"><subfield code="a">Massachusetts</subfield><subfield code="z">Boston.</subfield><subfield code="2">fast</subfield><subfield code="0">(OCoLC)fst01205012</subfield></datafield><datafield ind1=" " ind2="7" tag="651"><subfield code="a">Massachusetts</subfield><subfield code="z">Suffolk County.</subfield><subfield code="2">fast</subfield><subfield code="0">(OCoLC)fst01206189</subfield></datafield><datafield ind1=" " ind2="7" tag="655"><subfield code="a">Newspapers.</subfield><subfield code="2">fast</subfield><subfield code="0">(OCoLC)fst01423814</subfield></datafield><datafield ind1="1" ind2=" " tag="700"><subfield code="a">Hale, Nathan,</subfield><subfield code="d">1784-1863.</subfield></datafield><datafield ind1=" " ind2=" " tag="752"><subfield code="a">United States</subfield><subfield code="b">Massachusetts</subfield><subfield code="c">Suffolk</subfield><subfield code="d">Boston.</subfield></datafield><datafield ind1="1" ind2=" " tag="775"><subfield code="t">Independent chronicle &amp; Boston patriot (Boston, Mass. : Daily)</subfield><subfield code="w">(DLC)sn 83020948</subfield><subfield code="w">(OCoLC)9659463</subfield></datafield><datafield ind1="1" ind2=" " tag="775"><subfield code="t">Boston patriot &amp; daily chronicle</subfield><subfield code="w">(DLC)sn 83020949</subfield><subfield code="w">(OCoLC)9660170</subfield></datafield><datafield ind1="1" ind2=" " tag="775"><subfield code="t">Boston patriot &amp; daily mercantile advertiser</subfield><subfield code="w">(DLC)sn 83020950</subfield><subfield code="w">(OCoLC)9660270</subfield></datafield><datafield ind1="1" ind2=" " tag="775"><subfield code="t">Boston patriot &amp; mercantile advertiser</subfield><subfield code="w">(DLC)sn 83020951</subfield><subfield code="w">(OCoLC)9660837</subfield></datafield><datafield ind1="1" ind2=" " tag="775"><subfield code="t">Boston daily advertiser &amp; patriot</subfield><subfield code="w">(DLC)sn 83045166</subfield><subfield code="w">(OCoLC)9781575</subfield></datafield><datafield ind1="1" ind2=" " tag="775"><subfield code="t">Boston daily advertiser (Boston, Mass. : 1836)</subfield><subfield code="w">(DLC)sn 83045175</subfield><subfield code="w">(OCoLC)9355829</subfield></datafield><datafield ind1="0" ind2="4" tag="780"><subfield code="t">Independent chronicle (Boston, Mass. : 1801)</subfield><subfield code="x">2575-0321</subfield><subfield code="w">(DLC)sn 83020485</subfield><subfield code="w">(OCoLC)2696501</subfield></datafield><datafield ind1="0" ind2="4" tag="780"><subfield code="t">Boston patriot and morning advertiser</subfield><subfield code="x">2575-0259</subfield><subfield code="w">(DLC)sn 83020947</subfield><subfield code="w">(OCoLC)9659140</subfield></datafield><datafield ind1="1" ind2="7" tag="785"><subfield code="t">Boston commercial gazette (Boston, Mass. : Semiweekly)</subfield><subfield code="x">2575-0410</subfield><subfield code="w">(DLC)sn 83021284</subfield><subfield code="w">(OCoLC)10069558</subfield></datafield><datafield ind1="1" ind2="7" tag="785"><subfield code="t">Columbian centinel (Boston, Mass. : 1804)</subfield><subfield code="x">2575-0429</subfield><subfield code="w">(DLC)sn 83021272</subfield><subfield code="w">(OCoLC)10063823</subfield></datafield><datafield ind1="1" ind2="7" tag="785"><subfield code="t">New-England palladium (Boston, Mass. : 1840)</subfield><subfield code="x">2575-0445</subfield><subfield code="w">(DLC)sn 91058085</subfield><subfield code="w">(OCoLC)24032692</subfield></datafield><datafield ind1="1" ind2="7" tag="785"><subfield code="t">Boston semi-weekly advertiser</subfield><subfield code="x">2575-0437</subfield><subfield code="w">(DLC)sn 83045273</subfield><subfield code="w">(OCoLC)2258533</subfield></datafield><datafield ind1=" " ind2=" " tag="850"><subfield code="a">MH</subfield></datafield><datafield ind1=" " ind2=" " tag="938"><subfield code="a">Kirtas Technologies, Inc.</subfield><subfield code="b">KRTS</subfield><subfield code="n">737418</subfield></datafield><datafield ind1="1" ind2=" " tag="029"><subfield code="a">AU@</subfield><subfield code="b">000002913321</subfield></datafield></record>